@string{springer = "Springer"}
@string{entcs = "ENTCS"}
@string{elsevier= "Elsevier"}
@string{lncs="LNCS"}
@STRING{icalp   = "ICALP" }
@string{KEIO="Keio University"}

@article{2021-Kuperberg-Pinault-Pous,
  author       = {Denis Kuperberg, Laureline Pinault, Damien Pous},
  title        = {Cyclic proofs, system {T}, and the power of contraction},
  journal      = {Proceedings of the ACM on Programming Languages, 2021},
   doi          = {10.1145/3434282},
  url          = {https://hal.science/hal-02487175v2/document}
  }
  
@article{2021-Anupam-Das,
  author       = {Anupam Das},
  title        = {A circular version of G{\"{o}}del's {T} and its abstraction complexity},
  journal      = {CoRR},
  volume       = {abs/2012.14421},
  year         = {2020},
  url          = {https://arxiv.org/abs/2012.14421},
  eprinttype    = {arXiv},
  }
  

@article{BrotherstonSimpson2011,
  author       = {James Brotherston and
                  Alex Simpson},
  title        = {Sequent calculi for induction and infinite descent},
  journal      = {J. Log. Comput.},
  volume       = {21},
  number       = {6},
  pages        = {1177--1216},
  year         = {2011},
  url          = {https://doi.org/10.1093/logcom/exq052},
  doi          = {10.1093/LOGCOM/EXQ052},
  timestamp    = {Wed, 17 May 2017 14:25:55 +0200},
  biburl       = {https://dblp.org/rec/journals/logcom/BrotherstonS11.bib},
  bibsource    = {dblp computer science bibliography, https://dblp.org}
}

@phdthesis{BrotherstonPhd2006,
  title        = {Sequent calculus proof systems for inductive definitions},
  author       = {James Brotherston},
  year         = 2006,
  address      = {Laboratory for Foundations of Computer Science},
  url              ={https://era.ed.ac.uk/bitstream/handle/1842/1458/brotherston\%20thesis.pdf?sequence=1&isAllowed=y},
  school       = {University of Edinburgh},
  type         = {PhD thesis}
}

@article{GoedelSystemT,
 author   = {Gilles Dowek},
title        = {Gödel’s system {T} as a precursor of modern type theory},
year       =  2006,
url    = {https://inria.hal.science/hal-04046289/file/godel.pdf}
}

@inproceedings{SCT,
  author       = {Chin Soon Lee and
                  Neil D. Jones and
                  Amir M. Ben{-}Amram},
  editor       = {Chris Hankin and
                  Dave Schmidt},
  title        = {The size-change principle for program termination},
  booktitle    = {Conference Record of {POPL} 2001: The 28th {ACM} {SIGPLAN-SIGACT} Symposium on Principles of Programming Languages, London, UK, January 17-19, 2001},
  pages        = {81--92},
  publisher    = {{ACM}},
  year         = {2001},
  url          = {https://doi.org/10.1145/360204.360210},
  doi          = {10.1145/360204.360210},
  timestamp    = {Wed, 07 Jul 2021 17:30:33 +0200},
  biburl       = {https://dblp.org/rec/conf/popl/LeeJB01.bib},
  bibsource    = {dblp computer science bibliography, https://dblp.org}
}

@inproceedings{DBLP:conf/fscd/000221,
  author       = {Anupam Das},
  editor       = {Naoki Kobayashi},
  title        = {On the Logical Strength of Confluence and Normalisation for Cyclic
                  Proofs},
  booktitle    = {6th International Conference on Formal Structures for Computation
                  and Deduction, {FSCD} 2021, July 17-24, 2021, Buenos Aires, Argentina
                  (Virtual Conference)},
  series       = {LIPIcs},
  volume       = {195},
  pages        = {29:1--29:23},
  publisher    = {Schloss Dagstuhl - Leibniz-Zentrum f{\"{u}}r Informatik},
  year         = {2021},
  url          = {https://doi.org/10.4230/LIPIcs.FSCD.2021.29},
  doi          = {10.4230/LIPICS.FSCD.2021.29},
  timestamp    = {Wed, 21 Aug 2024 22:46:00 +0200},
  biburl       = {https://dblp.org/rec/conf/fscd/000221.bib},
  bibsource    = {dblp computer science bibliography, https://dblp.org}
}


@inproceedings{DBLP:conf/lics/Curzi022,
  author       = {Gianluca Curzi and
                  Anupam Das},
  editor       = {Christel Baier and
                  Dana Fisman},
  title        = {Cyclic Implicit Complexity},
  booktitle    = {{LICS} '22: 37th Annual {ACM/IEEE} Symposium on Logic in Computer
                  Science, Haifa, Israel, August 2 - 5, 2022},
  pages        = {19:1--19:13},
  publisher    = {{ACM}},
  year         = {2022},
  url          = {https://doi.org/10.1145/3531130.3533340},
  doi          = {10.1145/3531130.3533340},
  timestamp    = {Sun, 19 Jan 2025 13:30:31 +0100},
  biburl       = {https://dblp.org/rec/conf/lics/Curzi022.bib},
  bibsource    = {dblp computer science bibliography, https://dblp.org}
}

@inproceedings{DBLP:conf/csl/Curzi023,
  author       = {Gianluca Curzi and
                  Anupam Das},
  editor       = {Bartek Klin and
                  Elaine Pimentel},
  title        = {Non-Uniform Complexity via Non-Wellfounded Proofs},
  booktitle    = {31st {EACSL} Annual Conference on Computer Science Logic, {CSL} 2023,
                  February 13-16, 2023, Warsaw, Poland},
  series       = {LIPIcs},
  volume       = {252},
  pages        = {16:1--16:18},
  publisher    = {Schloss Dagstuhl - Leibniz-Zentrum f{\"{u}}r Informatik},
  year         = {2023},
  url          = {https://doi.org/10.4230/LIPIcs.CSL.2023.16},
  doi          = {10.4230/LIPICS.CSL.2023.16},
  timestamp    = {Wed, 21 Aug 2024 22:46:00 +0200},
  biburl       = {https://dblp.org/rec/conf/csl/Curzi023.bib},
  bibsource    = {dblp computer science bibliography, https://dblp.org}
}

@inproceedings{DBLP:conf/lics/Curzi023,
  author       = {Gianluca Curzi and
                  Anupam Das},
  title        = {Computational expressivity of (circular) proofs with fixed points},
  booktitle    = {38th Annual {ACM/IEEE} Symposium on Logic in Computer Science, {LICS}
                  2023, Boston, MA, USA, June 26-29, 2023},
  pages        = {1--13},
  publisher    = {{IEEE}},
  year         = {2023},
  url          = {https://doi.org/10.1109/LICS56636.2023.10175772},
  doi          = {10.1109/LICS56636.2023.10175772},
  timestamp    = {Wed, 29 May 2024 16:05:22 +0200},
  biburl       = {https://dblp.org/rec/conf/lics/Curzi023.bib},
  bibsource    = {dblp computer science bibliography, https://dblp.org}
}